<record><leader>00000cas a22000007a 4500</leader><controlfield tag="001">12739018</controlfield><controlfield tag="008">851030d19271944inuwr ne      0    0eng d</controlfield><datafield ind1=" " ind2=" " tag="010"><subfield code="a">sn 85048121 </subfield></datafield><datafield ind1=" " ind2=" " tag="040"><subfield code="a">NPI</subfield><subfield code="b">eng</subfield><subfield code="c">NPI</subfield><subfield code="d">OCLCQ</subfield></datafield><datafield ind1=" " ind2=" " tag="042"><subfield code="a">msc</subfield></datafield><datafield ind1="0" ind2="4" tag="245"><subfield code="a">The Clark County mirror.</subfield></datafield><datafield ind1=" " ind2=" " tag="260"><subfield code="a">Sellersburg, Ind. :</subfield><subfield code="b">Clark County Press</subfield></datafield><datafield ind1=" " ind2=" " tag="300"><subfield code="a">v. :</subfield><subfield code="b">ill. ;</subfield><subfield code="c">45-60 cm.</subfield></datafield><datafield ind1=" " ind2=" " tag="310"><subfield code="a">Weekly</subfield></datafield><datafield ind1="1" ind2=" " tag="362"><subfield code="a">Began in 1927; ceased in 1944</subfield><subfield code="z">Cf. Miller, John W. Indiana newspaper bibliog.</subfield></datafield><datafield ind1=" " ind2=" " tag="500"><subfield code="a">Established by J.C. Stoddard.</subfield></datafield><datafield ind1=" " ind2=" " tag="500"><subfield code="a">Established as a Republican paper, but became Democratic sometime in the 1930's and remained so until it ceased publication Cf. Miller.</subfield></datafield><datafield ind1=" " ind2=" " tag="588"><subfield code="a">Description based on: Vol. 9, no. 2 (July 12, 1935).</subfield></datafield><datafield ind1=" " ind2=" " tag="752"><subfield code="a">United States</subfield><subfield code="b">Indiana</subfield><subfield code="c">Clark</subfield><subfield code="d">Sellersburg.</subfield></datafield><datafield ind1="1" ind2=" " tag="029"><subfield code="a">AU@</subfield><subfield code="b">000025840897</subfield></datafield></record>